@misc{brown2012,
   author = {Brown, Robert Grover and Hwang, Patrick Y. C.},
   title = {Introduction to random signals and applied Kalman filtering : with MATLAB exercises},
   publisher = {J. Wiley & Sons},
   url = {http://proquest.safaribooksonline.com/9780470609699},
   year = {2012},
   type = {Electronic Book},
   chapter = {4}
}

@misc{Barreto2021,
   author = {Barreto, Armando and Adjouadi, Malek and Ortega, Francisco R. and O-larnnithipong, Nonnarit},
   title = {"Intuitive understanding of Kalman filtering with MATLAB"},
   publisher = {CRC Press},
   ISBN = {9780429577567; 0429577567; 9780429575457; 0429575459; 9780429573347; 0429573340; 9780429200656; 042920065X},
   DOI = {10.1201/9780429200656},
   url = {https://public.ebookcentral.proquest.com/choice/publicfullrecord.aspx?p=6236305},
   year = {2021},
   type = {Electronic Book}
}

@article{Capuano2023,
   author = {Capuano, Vincenzo and Xu, Liangchun and Estrada Benavides, Jose},
   title = {Smartphone MEMS Accelerometer and Gyroscope Measurement Errors: Laboratory Testing and Analysis of the Effects on Positioning Performance},
   journal = {Sensors},
   volume = {23},
   number = {17},
   pages = {7609},
   ISSN = {1424-8220},
   DOI = {10.3390/s23177609},
   url = {https://dx.doi.org/10.3390/s23177609},
   year = {2023},
   type = {Journal Article}
}

@article{Grouios2022,
  title={Accelerometers in Our Pocket: Does Smartphone Accelerometer Technology Provide Accurate Data?},
  author={Grouios, George and Ziagkas, Efthymios and Loukovitis, Andreas and Chatzinikolaou, Konstantinos and Koidou, Eirini},
  journal={Sensors},
  volume={23},
  number={1},
  pages={192},
  year={2022},
  publisher={MDPI},
  doi={10.3390/s23010192},
  pmcid={PMC9824767},
  url={https://www.ncbi.nlm.nih.gov/pmc/articles/PMC9824767/}
}
